% Encoding: UTF-8

@Comment{jabref-meta: databaseType:bibtex;}

@Comment{jabref-meta: saveActions:enabled;
date[normalize_date]
pages[normalize_page_numbers]
month[normalize_month]
all-text-fields[ordinals_to_superscript]
title[html_to_latex]
;}
